<?xml version="1.0" encoding="UTF-8"?><record xmlns="http://www.loc.gov/MARC21/slim" xmlns:cinclude="http://apache.org/cocoon/include/1.0" xmlns:zs="http://www.loc.gov/zing/srw/">
  <leader>00361nz  a2200121n  4500</leader>
  <controlfield tag="001">n  87844181 </controlfield>
  <controlfield tag="003">DLC</controlfield>
  <controlfield tag="005">19871208083734.1</controlfield>
  <controlfield tag="008">870923n| acannaab|          |n aaa |||  </controlfield>
  <datafield tag="010" ind1=" " ind2=" ">
    <subfield code="a">n  87844181 </subfield>
  </datafield>
  <datafield tag="040" ind1=" " ind2=" ">
    <subfield code="a">DLC</subfield>
    <subfield code="c">DLC</subfield>
    <subfield code="d">DLC</subfield>
  </datafield>
  <datafield tag="100" ind1="1" ind2="0">
    <subfield code="a">Strassburg, Bernard,</subfield>
    <subfield code="d">1918-</subfield>
  </datafield>
  <datafield tag="670" ind1=" " ind2=" ">
    <subfield code="a">Henck, F.W. A slippery slope, c1988:</subfield>
    <subfield code="b">CIP t.p. (Bernard Strassburg) publ. info. (b. 2/18/18)</subfield>
  </datafield>
</record>